@article{mchugh2012interrater,
  title={Interrater reliability: the kappa statistic},
  author={McHugh, Mary L},
  journal={Biochemia medica},
  volume={22},
  number={3},
  pages={276--282},
  year={2012},
  publisher={Medicinska naklada}
}

@article{1977:corrain,
  title={F. and Scardellato, U.(1977). Il valore discriminativo di alcuni fattori Gm, tra le popolazioni pastorali del Kenya},
  author={Corrain, C and Mezzavilla, F Pesarin},
  journal={Atti e Memorie dellâ€™Accademia Patavina di Scienze, Lettere ed Arti, LXXXIX, Parte II: Classe di Scienze Matematiche e Naturali. University of Padua},
  pages={55--63},
  year=1977
}

@article{davies1982measuring,
  title={Measuring agreement for multinomial data},
  author={Davies, Mark and Fleiss, Joseph L},
  journal={Biometrics},
  pages={1047--1051},
  year={1982},
  publisher={JSTOR}
}

@incollection{millman2014,
 author = "K. J. Millman and F. P\'{e}rez",
 title = "Developing open source scientific practice",
 pages = {149--183},
 EDITOR = "V. Stodden and F. Leisch and R. D. Peng",
 BOOKTITLE = "Implementing Reproducible Research",
 PUBLISHER = "Chapman and Hall/CRC",
 year = "2014"
 }

@Article{millman2011python,
  Author         = {Millman, K. J. and Aivazis, M.},
  Title          = {Python for Scientists and Engineers},
  Journal        = {Computing in Science \& Engineering},
  Volume         = {13},
  Number         = {2},
  Pages          = {9--12},
  publisher      = {IEEE},
  year           = 2011
}

@Article{Perez2011,
  Author         = {P\'{e}rez, F. and Granger, B. E. and Hunter, J. D.},
  Title          = {{Python: an ecosystem for scientific computing}},
  Journal        = {Computing in Science \& Engineering},
  Volume         = {13},
  Number         = {2},
  pages          = {13--21},
  publisher      = {IEEE},
  year           = 2011
}


